[1] Jeffrey Dean and Sanjay Ghemawat. 2008. MapReduce: simplified data processing on large clusters. Commun. ACM 51, 1 (January 2008), 107-113. DOI: https://doi.org/10.1145/1327452.1327492 

@article{Mapreduce,
 author = {Dean, Jeffrey and Ghemawat, Sanjay},
 title = {MapReduce: Simplified Data Processing on Large Clusters},
 journal = {Commun. ACM},
 issue_date = {January 2008},
 volume = {51},
 number = {1},
 month = jan,
 year = {2008},
 issn = {0001-0782},
 pages = {107--113},
 numpages = {7},
 url = {http://doi.acm.org/10.1145/1327452.1327492},
 doi = {10.1145/1327452.1327492},
 acmid = {1327492},
 publisher = {ACM},
 address = {New York, NY, USA},
} 


[2] Landley, Rob. Vlasenko, Denys. Reutner-Fisher, Bernhard (2018). BusyBox (1.28.2) [open source program]. https://busybox.net/

@software{Busybox,
	author = {Rob Landley, Denys Vlasenko, and Bernhard Reutner-Fisher},
	title = {BusyBox},
	url = {https://busybox.net},
	version = {1.28.2},
	year = {2018},
}


[3] Prachil S. Tambe, P. S. Y. R., B. B. R., “Implementation of Hadoop Pseudo-distributed Cluster on Android using ‘chroot’”, International Journal Of Engineering And Computer Science, vol. 4, no. 04, Apr. 2015.

@article{Tambe,
title={Implementation of Hadoop Pseudo-distributed Cluster on Android using ‘chroot’},
volume={4},
url={http://www.ijecs.in/index.php/ijecs/article/view/1498},
number={04},
journal={International Journal Of Engineering And Computer Science},
author={Prachil S. Tambe, Prof. S. Y. Raut, Balwant B. Raut, Mangesh S. Jondhale, Nilesh R. Jaware},
year={2015},
month={Apr.}
}



[4] Marinelli, E. Hyrax: Cloud Computing on Mobile Devices using MapReduce. Masters Thesis, Carnegie Mellon University, Sep. 2009.

@article{Marinelli, 
title={Hyrax: Cloud Computing on Mobile Devices using MapReduce}, 
url={http://www.dtic.mil/dtic/tr/fulltext/u2/a512601.pdf},
author={Eugene Marinelli}, 
year={2009},
month={Sep.}
}


[5] Bothe B. Namrata, N. M. A., K. S. S. "Migration of Hadoop To Android Platform Using ‘Chroot’", International Journal of Innovative Research and Creative Technology, ISSN:2454-5988, Volume-1 Issue-5 page no.486-488, Apr. 2016. http://www.ijirct.org/papers/IJIRCT1201105.pdf 

@article{Bothe, 
title={Migration of Hadoop To Android Platform Using ‘Chroot’}, 
url={http://www.ijirct.org/papers/IJIRCT1201105.pdf},
author={Bothe B. Namrata, Mate N. Anagha, Karale S. Snehal, Kumbhar D. Nayan}, 
year={2016},
month={Apr.},
}


[6] Skshidlevsky, A. A. (2013). The Software to Automate Processes of Installation and Launch of GNU/Linux Applications on Android Devices. Information \& Control Systems/Informazionno-Upravlyaushie Sistemy, 66(5).

@article{LinuxDeploy,
	author = {Skshidlevsky, A.A.},
	title = {The Software to Automate Processes of Installation and Launch of GNU/Linux Applications on Android Devices},
	journal = {Information and Control Systems/Informazionno-Upravlyaushie Sistemy},
	volume = {66},
	number = {5},
	year = {2013},
	pages = {56--60},
	numpages = {5},
	url = {https://github.com/meefik/linuxdeploy},
} 

@online{Bug,
	author = {Frazier, Dann},
	title = {Kill Incorrectly Parses Negative PIDs},
	year = 2016,
	month = Oct,
	day = 27,
	url = {https://bugs.launchpad.net/ubuntu/+source/procps/+bug/1637026},
	urldate = {2018-04-25}
}